@ARTICLE{5229313,
author={Huaming Li and Jindong Tan},
journal={Information Technology in Biomedicine, IEEE Transactions on},
title={Heartbeat-Driven Medium-Access Control for Body Sensor Networks},
year={2010},
month={Jan},
volume={14},
number={1},
pages={44-51},
keywords={biosensors;body sensor networks;synchronisation;time division multiple access;Boston Beth Israel Hospital multiparameter database;H-medium access control;Massachusetts Institute of Technology;Multiparameter Intelligent Monitoring for Intensive Care;active synchronization recovery scheme;biosensors;body sensor networks;central controller;discrete event simulator OMNet ++;heartbeat rhythm information;heartbeat-driven medium access control;periodic synchronization beacons;periodic timing information;real-world data;time division multiple access-based MAC protocol;time synchronization;Biosensors;medium-access control (MAC);sensor networks;wearable computers;Algorithms;Blood Pressure Monitoring, Ambulatory;Computer Communication Networks;Computer Simulation;Databases, Factual;Electrocardiography;Heart Rate;Humans;Plethysmography;Signal Processing, Computer-Assisted;Telemetry},
doi={10.1109/TITB.2009.2028136},
ISSN={1089-7771},}
